<?xml version="1.0" encoding="UTF-8"?><collection xmlns="http://www.loc.gov/MARC21/slim"><record><leader>00449nam--2200157-i-4500</leader><controlfield tag="001">000007162</controlfield><controlfield tag="002">20161230</controlfield><controlfield tag="005">20170208130530</controlfield><controlfield tag="008">060222s1000------------r-----000-0-eng-d</controlfield><datafield ind1=" " ind2=" " tag="100"><subfield code="a">Clement, Jean-Louis</subfield></datafield><datafield ind1=" " ind2=" " tag="245"><subfield code="a">Contamination directe des vegetaux et irrigati on par aspersion</subfield></datafield><datafield ind1=" " ind2=" " tag="260"><subfield code="a">Saclay</subfield><subfield code="b">Centre D Etudes Nucleaires</subfield><subfield code="c">1965</subfield></datafield><datafield ind1=" " ind2=" " tag="300"><subfield code="a">82 p</subfield></datafield><datafield ind1=" " ind2=" " tag="490"><subfield code="a">Seris Bibliographies</subfield></datafield><datafield ind1=" " ind2=" " tag="700"><subfield code="a">Bittel, Robert</subfield></datafield><datafield ind1=" " ind2=" " tag="CAT"><subfield code="a">SYS</subfield><subfield code="c">20170208</subfield><subfield code="h">130530</subfield></datafield></record></collection>